<record><leader>00000cas a22000007a 4500</leader><controlfield tag="001">12093825</controlfield><controlfield tag="008">850530c19uu9999pauwr ne      0    0eng d</controlfield><datafield ind1=" " ind2=" " tag="010"><subfield code="a">sn 85054926 </subfield></datafield><datafield ind1=" " ind2=" " tag="040"><subfield code="a">NPH</subfield><subfield code="b">eng</subfield><subfield code="c">NPH</subfield><subfield code="d">OCLCQ</subfield></datafield><datafield ind1=" " ind2=" " tag="042"><subfield code="a">msc</subfield></datafield><datafield ind1="0" ind2="0" tag="245"><subfield code="a">Suburban gazette.</subfield></datafield><datafield ind1=" " ind2=" " tag="260"><subfield code="a">McKees Rocks, Pa. :</subfield><subfield code="b">McKees Rocks Gazette, Inc.</subfield></datafield><datafield ind1=" " ind2=" " tag="300"><subfield code="a">v. :</subfield><subfield code="b">ill. ;</subfield><subfield code="c">44 cm.</subfield></datafield><datafield ind1=" " ind2=" " tag="310"><subfield code="a">Weekly</subfield></datafield><datafield ind1=" " ind2=" " tag="588"><subfield code="a">Description based on: Vol. 66, no. 47 (Nov. 24, 1976).</subfield></datafield><datafield ind1=" " ind2=" " tag="752"><subfield code="a">United States</subfield><subfield code="b">Pennsylvania</subfield><subfield code="c">Allegheny</subfield><subfield code="d">McKees Rocks.</subfield></datafield><datafield ind1="0" ind2=" " tag="775"><subfield code="t">Suburban south-west Pittsburgh gazette</subfield><subfield code="w">(DLC)sn 88079481</subfield></datafield><datafield ind1="0" ind2="0" tag="780"><subfield code="t">McKees Rocks gazette</subfield><subfield code="w">(DLC)sn 87078487</subfield></datafield></record>